<?xml version="1.0" encoding="UTF-8"?><collection xmlns="http://www.loc.gov/MARC21/slim"><record><leader>00352nam--2200121-i-4500</leader><controlfield tag="001">000011148</controlfield><controlfield tag="002">20161230</controlfield><controlfield tag="005">20161230201029</controlfield><controlfield tag="008">060222s1000------------r-----000-0-eng-d</controlfield><datafield ind1=" " ind2=" " tag="100"><subfield code="a">Bologan, Vasile, Botis, Virgil Si Tanu, Victor</subfield></datafield><datafield ind1=" " ind2=" " tag="245"><subfield code="a">Metode de control al formei si pozitiei piese lor</subfield></datafield><datafield ind1=" " ind2=" " tag="260"><subfield code="a">Bucuresti, Ed. Tehnica, 1973. 260 P</subfield></datafield><datafield ind1=" " ind2=" " tag="852"><subfield code="a">41414</subfield></datafield></record></collection>